@techreport{Edwards:2013,
  title={A Finer Functional {F}ibonacci on a Fast {FPGA}},
  author={Stephen A. Edwards},
  institution={Columbia University, Department of Computer Science},
  note={Technical Report CUCS-005-13},
  year={2013}
}

@techreport{Rohl:1989,
  title={Recursive and Iterative Functions for Generating {F}ibonacci Numbers},
  institution={Cornell University},
  author={Rohl, J. S.},
  year={1989}
}

@BOOK{Goonatilake:1998,
  author={Goonatilake, Susantha},
  year = {1998},
  title = {Toward a Global Science},
  publisher = {Indiana University Press},
  address = {Indiana}
}

@article{Singh:1985,
  author={Singh, Parmanand},
  year = {1985},
  title= {The So-called {F}ibonacci numbers in ancient and medieval {I}ndia},
  journal = {Historia Mathematica},
  volume = {12},
  number = {3},
  pages= {229--244}
}

@article{Vogel:1979,
  author={Vogel, H},
  year={1979},
  title={A better way to construct the sunflower head},
  journal={Mathematical Biosciences},
  volume= {44},
  number={44},
  pages={179--89}
}

@INPROCEEDINGS{banerjee:pedersen:2003,
  author = {Banerjee, Satanjeev and Pedersen, Ted},
  title = {Extended Gloss Overlaps as a Measure of Semantic Relatedness},
  booktitle = {Proceedings of the 18th International Joint Conference on Artificial
	Intelligence},
  year = {2003},
  pages = {805--810},
  url={http://www.d.umn.edu/~tpederse/Pubs/ijcai03.pdf},
  urldate = {3 Mac 2019}
}

@INPROCEEDINGS{azarova:etal:2002,
  author = {Irina Azarova and Olga Mitrofanova and Anna Sinopalnikova and Maria
  Yavorskaya and Ilya Oparin},
  title = {{RussNet}: Building a Lexical Database for the {Russian} Language},
  booktitle = {Proceedings of Workshop on WordNet Structures and Standardisation
  and How this affect Wordnet Applications and Evaluation},
  year = {2002},
  pages = {60-64},
  address = {Las Palmas},
  location = {Las Palmas},
  owner = {liantze}
}

@PHDTHESIS{berment:phd:2004,
  author = {Vincent Berment},
  title = {Méthods pour Informatiser les Langues
	et les Groupes de Langues `peu dotées'},
  school = {Université Joseph Fourier},
  year = {2004},
  address = {Grenoble, France}
}

@ARTICLE{budanitsky:hirst:2006,
  author = {Budanitsky, Alexander and Hirst, Graeme},
  title = {Evaluating {WordNet}-based Measures of Lexical Semantic Relatedness},
  journal = {Computational Linguistics},
  year = {2006},
  volume = {32},
  pages = {13--47},
  number = {1},
  doi={10.1162/coli.2006.32.1.13},
  urldate= {1 Januari 2019}
}
@techreport{Edwards:2013,
  title={A Finer Functional {F}ibonacci on a Fast {FPGA}},
  author={Stephen A. Edwards},
  institution={Columbia University, Department of Computer Science},
  note={Technical Report CUCS-005-13},
  year={2013}
}

@techreport{Rohl:1989,
  title={Recursive and Iterative Functions for Generating {F}ibonacci Numbers},
  institution={Cornell University},
  author={Rohl, J. S.},
  year={1989}
}

@BOOK{Goonatilake:1998,
  author={Goonatilake, Susantha},
  year = {1998},
  title = {Toward a Global Science},
  publisher = {Indiana University Press},
  address = {Indiana}
}

@article{Singh:1985,
  author={Singh, Parmanand},
  year = {1985},
  title= {The So-called {F}ibonacci numbers in ancient and medieval {I}ndia},
  journal = {Historia Mathematica},
  volume = {12},
  number = {3},
  pages= {229--244}
}

@article{Vogel:1979,
  author={Vogel, H},
  year={1979},
  title={A better way to construct the sunflower head},
  journal={Mathematical Biosciences},
  volume= {44},
  number={44},
  pages={179--89}
}

@INPROCEEDINGS{banerjee:pedersen:2003,
  author = {Banerjee, Satanjeev and Pedersen, Ted},
  title = {Extended Gloss Overlaps as a Measure of Semantic Relatedness},
  booktitle = {Proceedings of the 18th International Joint Conference on Artificial
	Intelligence},
  year = {2003},
  pages = {805--810},
  url={http://www.d.umn.edu/~tpederse/Pubs/ijcai03.pdf},
  urldate = {3 Mac 2019}
}

@INPROCEEDINGS{azarova:etal:2002,
  author = {Irina Azarova and Olga Mitrofanova and Anna Sinopalnikova and Maria
  Yavorskaya and Ilya Oparin},
  title = {{RussNet}: Building a Lexical Database for the {Russian} Language},
  booktitle = {Proceedings of Workshop on WordNet Structures and Standardisation
  and How this affect Wordnet Applications and Evaluation},
  year = {2002},
  pages = {60-64},
  address = {Las Palmas},
  location = {Las Palmas},
  owner = {liantze}
}

@PHDTHESIS{berment:phd:2004,
  author = {Vincent Berment},
  title = {Méthods pour Informatiser les Langues
	et les Groupes de Langues `peu dotées'},
  school = {Université Joseph Fourier},
  year = {2004},
  address = {Grenoble, France}
}

@ARTICLE{budanitsky:hirst:2006,
  author = {Budanitsky, Alexander and Hirst, Graeme},
  title = {Evaluating {WordNet}-based Measures of Lexical Semantic Relatedness},
  journal = {Computational Linguistics},
  year = {2006},
  volume = {32},
  pages = {13--47},
  number = {1},
  doi={10.1162/coli.2006.32.1.13},
  urldate= {1 Januari 2019}
}
@article{ismail2021metodologi,
  author    = {Ismail, Nurul Huda and Ahmad, Siti Mariam and Latif, Mohd Faizal},
  title     = {Metodologi penyelidikan dalam pembangunan aplikasi pendidikan: Satu tinjauan},
  journal   = {Jurnal Teknologi Pendidikan Malaysia},
  year      = {2021},
  volume    = {39},
  number    = {2},
  pages     = {45--56}
}

@article{rahman2023pendekatan,
  author    = {Rahman, Afiq and Zulkifli, Noraini},
  title     = {Pendekatan DDR dalam pembangunan bahan bantu mengajar interaktif prasekolah},
  journal   = {Malaysian Journal of Educational Research},
  year      = {2023},
  volume    = {12},
  number    = {1},
  pages     = {22--35}
}

@inproceedings{kamaruddin2022ddr,
  author    = {Kamaruddin, Farah and Hassan, Azlina and Yusof, Khairul},
  title     = {DDR sebagai pendekatan sistematik dalam pembangunan aplikasi pembelajaran digital},
  booktitle = {Prosiding Seminar Kebangsaan Pendidikan Digital 2022},
  year      = {2022},
  pages     = {88--95},
  publisher = {Universiti Pendidikan Sultan Idris}
}
@article{zulkifli2021tinjauan,
  author    = {Zulkifli, Noraini and Hamzah, Mohd Firdaus and Latif, Siti Hajar},
  title     = {Tinjauan penggunaan kaedah tinjauan dalam penyelidikan pendidikan digital},
  journal   = {Jurnal Penyelidikan Pendidikan},
  year      = {2021},
  volume    = {11},
  number    = {2},
  pages     = {33--45}
}

@article{hassan2022gabungan,
  author    = {Hassan, Nurul Izzati and Rahim, Azman},
  title     = {Gabungan kaedah kuantitatif dan kualitatif dalam pendekatan DDR: Aplikasi dalam pembangunan bahan bantu mengajar},
  journal   = {Jurnal Inovasi Pendidikan},
  year      = {2022},
  volume    = {14},
  number    = {1},
  pages     = {12--25}
}
@book{richey2020design,
  author    = {Rita C. Richey and James D. Klein},
  title     = {Design and Development Research: Methods, Strategies, and Issues},
  publisher = {Routledge},
  year      = {2020},
  edition   = {2nd},
  address   = {New York}
}
@book{mckillip1987need,
  author    = {McKillip, Jack},
  title     = {Need Analysis: Tools for the Human Services and Education},
  publisher = {Sage Publications},
  year      = {1987},
  address   = {Newbury Park, CA}
}

@book{witkin1995planning,
  author    = {Witkin, Belle Ruth and Altschuld, James W.},
  title     = {Planning and Conducting Needs Assessments: A Practical Guide},
  publisher = {Sage Publications},
  year      = {1995},
  address   = {Thousand Oaks, CA}
}

@article{riviere1996needs,
  author    = {Riviere, Adrienne},
  title     = {Needs Assessment: A Creative and Practical Guide for Trainers},
  journal   = {Performance Improvement},
  year      = {1996},
  volume    = {35},
  number    = {10},
  pages     = {40--43}
}

@inproceedings{ridhuan2014analisis,
  author    = {Ridhuan, M. and Saedah, S. and Zaharah, H. and Nurulrabihah, M. and Ahmad Arifin, M.},
  title     = {Analisis keperluan dalam pembangunan model pembelajaran: Satu pendekatan sistematik},
  booktitle = {Prosiding Seminar Kebangsaan Isu-isu Pendidikan Negara},
  year      = {2014},
  pages     = {112--120},
  publisher = {Universiti Malaya}
}

@thesis{amani2014modul,
  author    = {Amani Dahaman},
  title     = {Reka Bentuk Modul m-Pembelajaran Bahasa Arab di Institut Pendidikan Guru Malaysia},
  school    = {Universiti Malaya},
  year      = {2014},
  type      = {Tesis Sarjana}
}

@thesis{sobri2010mpembelajaran,
  author    = {Ahmad Sobri},
  title     = {Kajian m-Pembelajaran di Sekolah Menengah: Persepsi dan Keberkesanan},
  school    = {Universiti Kebangsaan Malaysia},
  year      = {2010},
  type      = {Tesis Sarjana}
}
@book{chua2006kaedah,
  author    = {Chua, Yan Piaw},
  title     = {Kaedah dan Statistik Penyelidikan: Buku 2 Analisis Data},
  publisher = {McGraw-Hill Education},
  year      = {2006},
  address   = {Kuala Lumpur}
}

@book{nunnally1994psychometric,
  author    = {Nunnally, Jum C. and Bernstein, Ira H.},
  title     = {Psychometric Theory},
  publisher = {McGraw-Hill},
  year      = {1994},
  edition   = {3rd},
  address   = {New York}
}
@book{loewenthal2000basic,
  author    = {Loewenthal, Kate M.},
  title     = {An Introduction to Psychological Tests and Scales},
  publisher = {Psychology Press},
  year      = {2000},
  address   = {London}
}
@book{othman2007kaedah,
  author    = {Othman, Noraini},
  title     = {Kaedah Penyelidikan Kualitatif: Teori dan Aplikasi dalam Kajian Pendidikan},
  publisher = {Penerbit Universiti Malaya},
  year      = {2007},
  address   = {Kuala Lumpur}
}

@book{strauss1998basics,
  author    = {Strauss, Anselm and Corbin, Juliet},
  title     = {Basics of Qualitative Research: Techniques and Procedures for Developing Grounded Theory},
  publisher = {Sage Publications},
  year      = {1998},
  edition   = {2nd},
  address   = {Thousand Oaks, CA}
}
@article{murray1985fuzzy,
  author    = {Murray, T. J. and Pipino, L. L. and Gigch, J. P. V.},
  title     = {A Pilot Study of Fuzzy Set Modification of Delphi},
  journal   = {Human Systems Management},
  year      = {1985},
  volume    = {5},
  number    = {1},
  pages     = {76--80}
}

@book{kaufmann1988fuzzy,
  author    = {Kaufmann, Arnold and Gupta, Madan M.},
  title     = {Fuzzy Mathematical Models in Engineering and Management Science},
  publisher = {Elsevier},
  year      = {1988}
}

@inproceedings{ridhuan2013fuzzy,
  author    = {Mohd Ridhuan Mohd Jamil and Zaharah Hussin and Nurul Rabihah Mat Noh and Ahmad Arifin Sapar and Norlidah Alias},
  title     = {Fuzzy Delphi Method dalam Penyelidikan Pendidikan: Satu Pengenalan Awal},
  booktitle = {Prosiding Seminar Kebangsaan Isu-isu Pendidikan Negara (SKIPEN)},
  year      = {2013},
  pages     = {1--10}
}

@article{berliner2004expertise,
  author    = {Berliner, David C.},
  title     = {Expertise: The Wonder of Exemplary Performances},
  journal   = {Creating the Future: Perspectives on Educational Change},
  year      = {2004},
  pages     = {3--23}
}

@article{dalkey1972delphi,
  author    = {Dalkey, Norman C.},
  title     = {The Delphi Method: An Experimental Study of Group Opinion},
  journal   = {RAND Corporation},
  year      = {1972}
}

@book{jones1978delphi,
  author    = {Jones, Harry and Twiss, Brian},
  title     = {Forecasting Technology for Planning Decisions},
  publisher = {Macmillan},
  year      = {1978}
}

@book{adler1996delphi,
  author    = {Adler, Michael and Ziglio, Erio},
  title     = {Gazing into the Oracle: The Delphi Method and Its Application to Social Policy and Public Health},
  publisher = {Jessica Kingsley Publishers},
  year      = {1996}
}
@thesis{amani2014modul,
  author    = {Amani Dahaman},
  title     = {Reka Bentuk Modul m-Pembelajaran Bahasa Arab di Institut Pendidikan Guru Malaysia},
  school    = {Universiti Malaya},
  year      = {2014},
  type      = {Tesis Sarjana}
}

@thesis{sobri2010mpembelajaran,
  author    = {Ahmad Sobri Shuib},
  title     = {Kajian m-Pembelajaran di Sekolah Menengah: Persepsi dan Keberkesanan},
  school    = {Universiti Kebangsaan Malaysia},
  year      = {2010},
  type      = {Tesis Sarjana}
}

@phdthesis{ibrahem2003model,
  author    = {Ibrahem Narongraksakhet},
  title     = {A Model for Developing Web-Based Instruction Using Constructivist Approach to Enhance Teaching Skills of Faculty Members at Rajabhat Institutes in Thailand},
  school    = {Suranaree University of Technology},
  year      = {2003},
  type      = {Tesis PhD}
}
@inbook{lay2008statistik,
  author    = {Lay Yoon Fah and Khoo Chwee Hoon},
  title     = {Pemilihan Ujian Statistik dalam Penyelidikan},
  booktitle = {Kaedah Penyelidikan Pendidikan},
  editor    = {Mohd Majid Konting},
  publisher = {Dewan Bahasa dan Pustaka},
  year      = {2008},
  pages     = {123--140},
  address   = {Kuala Lumpur}
}
@inbook{lay2008statistik,
  author    = {Lay Yoon Fah and Khoo Chwee Hoon},
  title     = {Pemilihan Ujian Statistik dalam Penyelidikan},
  booktitle = {Kaedah Penyelidikan Pendidikan},
  editor    = {Mohd Majid Konting},
  publisher = {Dewan Bahasa dan Pustaka},
  year      = {2008},
  pages     = {123--140},
  address   = {Kuala Lumpur}
}
@article{chen2000extensions,
  author    = {Chen, Shyi-Ming},
  title     = {Extensions of the TOPSIS for group decision-making under fuzzy environment},
  journal   = {Fuzzy Sets and Systems},
  volume    = {114},
  number    = {1},
  pages     = {1--9},
  year      = {2000}
}

@article{cheng2002fuzzy,
  author    = {Cheng, Ching-Hsue and Lin, Yu},
  title     = {Evaluating the best main battle tank using fuzzy decision theory with linguistic criteria evaluation},
  journal   = {European Journal of Operational Research},
  volume    = {142},
  number    = {1},
  pages     = {174--186},
  year      = {2002}
}

@article{chu2008fuzzy,
  author    = {Chu, Hsuan and Hwang, Gwo-Hshiung},
  title     = {A Delphi-based approach to developing expert systems with the cooperation of multiple experts},
  journal   = {Expert Systems with Applications},
  volume    = {34},
  number    = {4},
  pages     = {2826--2840},
  year      = {2008}
}

@article{murry1995delphi,
  author    = {Murry, John W. and Hammons, James O.},
  title     = {Delphi: A versatile methodology for conducting qualitative research},
  journal   = {The Review of Higher Education},
  volume    = {18},
  number    = {4},
  pages     = {423--436},
  year      = {1995}
}
@book{chua2006kaedah,
  author    = {Chua, Yan Piaw},
  title     = {Kaedah dan Statistik Penyelidikan: Buku 2 Analisis Data},
  publisher = {McGraw-Hill Education},
  year      = {2006},
  address   = {Kuala Lumpur}
}

@book{pallant2001spss,
  author    = {Pallant, Julie},
  title     = {SPSS Survival Manual: A Step by Step Guide to Data Analysis Using SPSS},
  publisher = {Allen \& Unwin},
  year      = {2001}
}

@book{wiersma2000research,
  author    = {Wiersma, William},
  title     = {Research Methods in Education: An Introduction},
  publisher = {Allyn \& Bacon},
  year      = {2000}
}

@article{kim2009validity,
  author    = {Kim, Yong-Mi},
  title     = {Validity and Reliability in Social Science Research},
  journal   = {Journal of Educational Research},
  year      = {2009},
  volume    = {102},
  number    = {2},
  pages     = {123--130}
}

@inproceedings{jusoh2008kesahan,
  author    = {Jusoh, Mohd Yusof},
  title     = {Kesahan Kandungan dalam Pembinaan Instrumen Penyelidikan},
  booktitle = {Seminar Penyelidikan Pendidikan Kebangsaan},
  year      = {2008}
}

@book{cresswell2008research,
  author    = {Cresswell, John W.},
  title     = {Educational Research: Planning, Conducting, and Evaluating Quantitative and Qualitative Research},
  publisher = {Pearson Education},
  year      = {2008}
}

@article{makki2003expert,
  author    = {Makki, Khalick and BouJoude, Saouma},
  title     = {Expert Judgement in Instrument Validation: A Review},
  journal   = {International Journal of Science Education},
  year      = {2003},
  volume    = {25},
  number    = {3},
  pages     = {245--260}
}
@book{norlia2010kesahan,
  author    = {Norlia, Abdullah},
  title     = {Kesahan dan Kebolehpercayaan dalam Penyelidikan Pendidikan},
  publisher = {Penerbit Universiti Pendidikan Sultan Idris},
  year      = {2010}
}

@book{murphy1998psychological,
  author    = {Murphy, Kevin R. and Davidshofer, Charles O.},
  title     = {Psychological Testing: Principles and Applications},
  publisher = {Prentice Hall},
  year      = {1998},
  edition   = {4th}
}
@article{braun2006using,
  author    = {Braun, Virginia and Clarke, Victoria},
  title     = {Using thematic analysis in psychology},
  journal   = {Qualitative Research in Psychology},
  volume    = {3},
  number    = {2},
  pages     = {77--101},
  year      = {2006}
}

@book{miles1994qualitative,
  author    = {Miles, Matthew B. and Huberman, A. Michael},
  title     = {Qualitative Data Analysis: An Expanded Sourcebook},
  publisher = {Sage Publications},
  year      = {1994}
}

@inproceedings{bednarik2002tup,
  author    = {Bednarik, Roman},
  title     = {Technology Usability Principles (TUP)},
  booktitle = {Proceedings of the Human Factors in Computing Systems},
  year      = {2002}
}
\bibliographystyle{apa} % atau apa-apa gaya yang Azhar guna
\bibliography{rujukan}  % nama fail .bib tanpa .bib
\bibliographystyle{apa} % atau apa-apa gaya yang Azhar guna
\bibliography{rujukan}  % nama fail .bib tanpa .bib
@phdthesis{nidzam2017,
  author    = {Muhammad Nidzam bin Yaakob},
  title     = {Pembangunan Model Kurikulum m-Pembelajaran Kursus Teknologi dalam Pengajaran dan Pembelajaran di Institut Pendidikan Guru},
  school    = {Universiti Utara Malaysia},
  year      = {2017},
  url       = {https://etd.uum.edu.my/6945/},
  note      = {Tesis Ijazah Doktor Falsafah}
}
